<record><leader>00000cas a2200000 a 4500</leader><controlfield tag="001">35268294</controlfield><controlfield tag="008">960819d18uu1897miuwr ne      0    0eng c</controlfield><datafield ind1=" " ind2=" " tag="010"><subfield code="a">sn 96076969 </subfield></datafield><datafield ind1=" " ind2=" " tag="040"><subfield code="a">MHN</subfield><subfield code="b">eng</subfield><subfield code="c">MHN</subfield><subfield code="d">OCL</subfield><subfield code="d">MHN</subfield><subfield code="d">OCLCQ</subfield><subfield code="d">OCLCF</subfield><subfield code="d">OCLCO</subfield></datafield><datafield ind1="1" ind2=" " tag="029"><subfield code="a">AU@</subfield><subfield code="b">000012845204</subfield></datafield><datafield ind1=" " ind2=" " tag="042"><subfield code="a">pcc</subfield></datafield><datafield ind1=" " ind2=" " tag="043"><subfield code="a">n-us-mi</subfield></datafield><datafield ind1="0" ind2=" " tag="130"><subfield code="a">Weekly Democrat (Grand Rapids, Mich.)</subfield></datafield><datafield ind1="1" ind2="4" tag="245"><subfield code="a">The weekly Democrat.</subfield></datafield><datafield ind1="3" ind2=" " tag="246"><subfield code="a">Grand Rapids Democrat</subfield><subfield code="f">Jan. 15, 1891-Apr. 9, 1891</subfield></datafield><datafield ind1=" " ind2=" " tag="260"><subfield code="a">Grand Rapids, Mich. :</subfield><subfield code="b">F.W. Ball</subfield></datafield><datafield ind1=" " ind2=" " tag="300"><subfield code="a">v.</subfield></datafield><datafield ind1=" " ind2=" " tag="310"><subfield code="a">Weekly</subfield></datafield><datafield ind1="0" ind2=" " tag="362"><subfield code="a">-v. 28, no. 27 (Jan. 8, 1891) ; 28th yr., no. 28 (Jan. 15, 1891)-59th yr., no. 40 (Apr. 8, 1897).</subfield></datafield><datafield ind1=" " ind2=" " tag="580"><subfield code="a">Continues: Grand Rapids weekly Democrat?</subfield></datafield><datafield ind1=" " ind2=" " tag="580"><subfield code="a">Merged with: Middle west, to form: Middle west. and weekly Democrat.</subfield></datafield><datafield ind1=" " ind2=" " tag="588"><subfield code="a">Description based on: Vol. 21, no. 51 (July 2, 1885).</subfield></datafield><datafield ind1=" " ind2="0" tag="651"><subfield code="a">Grand Rapids (Mich.)</subfield><subfield code="v">Newspapers.</subfield></datafield><datafield ind1=" " ind2="0" tag="651"><subfield code="a">Kent County (Mich.)</subfield><subfield code="v">Newspapers.</subfield></datafield><datafield ind1=" " ind2="7" tag="655"><subfield code="a">Newspapers.</subfield><subfield code="2">fast</subfield><subfield code="0">(OCoLC)fst01423814</subfield></datafield><datafield ind1=" " ind2="7" tag="651"><subfield code="a">Michigan</subfield><subfield code="z">Grand Rapids.</subfield><subfield code="2">fast</subfield><subfield code="0">(OCoLC)fst01206920</subfield></datafield><datafield ind1=" " ind2="7" tag="651"><subfield code="a">Michigan</subfield><subfield code="z">Kent County.</subfield><subfield code="2">fast</subfield><subfield code="0">(OCoLC)fst01202912</subfield></datafield><datafield ind1=" " ind2=" " tag="752"><subfield code="a">United States</subfield><subfield code="b">Michigan</subfield><subfield code="c">Kent</subfield><subfield code="d">Grand Rapids.</subfield></datafield><datafield ind1="1" ind2="0" tag="780"><subfield code="t">Grand Rapids weekly Democrat</subfield><subfield code="w">(DLC)sn 85033624</subfield><subfield code="w">(OCoLC)12115844</subfield></datafield><datafield ind1="1" ind2="7" tag="785"><subfield code="t">Middle west</subfield></datafield><datafield ind1="1" ind2="7" tag="785"><subfield code="t">Middle west. and weekly Democrat</subfield><subfield code="w">(DLC)sn 96076970</subfield><subfield code="w">(OCoLC)35233415</subfield></datafield></record>